@book{Chen,
  author    = {{Chen}, F. F.},
  publisher = {New York: Plenum Press},
  title     = {{Introduction to plasma physics}},
  year      = 1974
}


