@article{henri,
  doi       = {10.1103/physrevlett.123.105001},
  url       = {https://doi.org/10.1103%2Fphysrevlett.123.105001},
  year      = 2019,
  month     = {sep},
  publisher = {American Physical Society ({APS})},
  volume    = {123},
  number    = {10},
  author    = {Henri Vincenti},
  title     = {Achieving Extreme Light Intensities using Optically Curved Relativistic Plasma Mirrors},
  journal   = {Physical Review Letters}
}

@book{chen,
  added-at  = {2009-02-27T13:56:46.000+0100},
  adsnote   = {Provided by the SAO/NASA Astrophysics Data System},
  adsurl    = {http://adsabs.harvard.edu/abs/1974itpp.book.....C},
  author    = {{Chen}, F. F.},
  biburl    = {https://www.bibsonomy.org/bibtex/22967595698cb15cec5f347407b9a456d/ursg},
  interhash = {7a1d2ac02631594ca6d51a40986cae23},
  intrahash = {2967595698cb15cec5f347407b9a456d},
  keywords  = {MHD fusion kinetic physics plasma},
  publisher = {New York: Plenum Press},
  timestamp = {2009-02-27T13:56:46.000+0100},
  title     = {{Introduction to plasma physics}},
  year      = 1974
}


@article{lichters,
  author  = {Lichters,R.  and Meyer-ter-Vehn,J.  and Pukhov,A. },
  title   = {Short-pulse laser harmonics from oscillating plasma surfaces driven at relativistic intensity},
  journal = {Physics of Plasmas},
  volume  = {3},
  number  = {9},
  pages   = {3425-3437},
  year    = {1996},
  doi     = {10.1063/1.871619},
  url     = { 
             https://doi.org/10.1063/1.871619
             
             }
}

@article{EPOCH,
  doi       = {10.1088/0741-3335/57/11/113001},
  url       = {https://dx.doi.org/10.1088/0741-3335/57/11/113001},
  year      = {2015},
  month     = {sep},
  publisher = {IOP Publishing},
  volume    = {57},
  number    = {11},
  pages     = {113001},
  author    = {T D Arber and K Bennett and C S Brady and A Lawrence-Douglas and M G Ramsay and N J Sircombe and P Gillies and R G Evans and H Schmitz and A R Bell and C P Ridgers},
  title     = {Contemporary particle-in-cell approach to laser-plasma modelling},
  journal   = {Plasma Physics and Controlled Fusion}
}

@article{highintensity,
  author    = {Jin Woo Yoon and Yeong Gyu Kim and Il Woo Choi and Jae Hee Sung and Hwang Woon Lee and Seong Ku Lee and Chang Hee Nam},
  journal   = {Optica},
  keywords  = {Compton scattering; High power lasers; Laser beams; Laser matter interactions; Parabolic mirrors; Strong field physics},
  number    = {5},
  pages     = {630--635},
  publisher = {Optica Publishing Group},
  title     = {Realization of laser intensity over 1023 W/cm2},
  volume    = {8},
  month     = {May},
  year      = {2021},
  url       = {https://opg.optica.org/optica/abstract.cfm?URI=optica-8-5-630},
  doi       = {10.1364/OPTICA.420520}
}

@article{hormonics1,
  author  = {Michael D. Perry  and Gerard Mourou },
  title   = {Terawatt to Petawatt Subpicosecond Lasers},
  journal = {Science},
  volume  = {264},
  number  = {5161},
  pages   = {917-924},
  year    = {1994},
  doi     = {10.1126/science.264.5161.917},
  url     = {https://www.science.org/doi/abs/10.1126/science.264.5161.917}
}

@article{hormonics2,
  title     = {High-order harmonic generation using intense femtosecond pulses},
  author    = {Macklin, J. J. and Kmetec, J. D. and Gordon, C. L.},
  journal   = {Phys. Rev. Lett.},
  volume    = {70},
  issue     = {6},
  pages     = {766--769},
  numpages  = {0},
  year      = {1993},
  month     = {Feb},
  publisher = {American Physical Society},
  doi       = {10.1103/PhysRevLett.70.766},
  url       = {https://link.aps.org/doi/10.1103/PhysRevLett.70.766}
}

@article{hormonics3,
  doi       = {10.1088/0953-4075/31/10/014},
  url       = {https://dx.doi.org/10.1088/0953-4075/31/10/014},
  year      = {1998},
  month     = {may},
  publisher = {},
  volume    = {31},
  number    = {10},
  pages     = {2247},
  author    = {S G Preston and  J B Watson},
  title     = {Generation of a harmonic quasi-continuum from beating laser fields},
  journal   = {Journal of Physics B: Atomic, Molecular and Optical Physics}
}

@article{polarization1,
  author    = {Qianni Li and Xinrong Xu and Yanbo Wu and Yan Yin and Debin Zou and Tongpu Yu},
  journal   = {Opt. Express},
  keywords  = {Attosecond pulses; Frequency combs; Frequency modulated lasers; Laser beams; Laser matter interactions; Laser plasmas},
  number    = {9},
  pages     = {15470--15481},
  publisher = {Optica Publishing Group},
  title     = {Efficient high-order harmonics generation from overdense plasma irradiated by a two-color co-rotating circularly polarized laser pulse},
  volume    = {30},
  month     = {Apr},
  year      = {2022},
  url       = {https://opg.optica.org/oe/abstract.cfm?URI=oe-30-9-15470},
  doi       = {10.1364/OE.459866}
}

@article{polarization2,
  doi       = {10.1088/1361-6587/ac7415},
  url       = {https://dx.doi.org/10.1088/1361-6587/ac7415},
  year      = {2022},
  month     = {jun},
  publisher = {IOP Publishing},
  volume    = {64},
  number    = {8},
  pages     = {085007},
  author    = {S J Zhang and H B Zhuo and Y Yin and D B Zou and N Zhao and W M Zhou},
  title     = {Relativistic high-order harmonic generation by a femto-second radially polarized laser pulse irradiating a ring plasma grating},
  journal   = {Plasma Physics and Controlled Fusion}
}

@article{shape1,
  title     = {Achieving Extreme Light Intensities using Optically Curved Relativistic Plasma Mirrors},
  author    = {Vincenti, Henri},
  journal   = {Phys. Rev. Lett.},
  volume    = {123},
  issue     = {10},
  pages     = {105001},
  numpages  = {6},
  year      = {2019},
  month     = {Sep},
  publisher = {American Physical Society},
  doi       = {10.1103/PhysRevLett.123.105001},
  url       = {https://link.aps.org/doi/10.1103/PhysRevLett.123.105001}
}
@article{two-color1,
  author  = {{Xie}, Duan and {Yin}, Yan and {Zhuo}, Hong-bin},
  title   = {{A theoretical model of high-harmonic generation from two-color relativistic circularly polarized laser pulse interacting with over-dense plasmas}},
  journal = {Applied Physics B: Lasers and Optics},
  year    = 2020,
  month   = may,
  volume  = {126},
  number  = {6},
  eid     = {105},
  pages   = {105},
  doi     = {10.1007/s00340-020-07457-w},
  adsurl  = {https://ui.adsabs.harvard.edu/abs/2020ApPhB.126..105X},
  adsnote = {Provided by the SAO/NASA Astrophysics Data System}
}

@article{two-color2,
  doi       = {10.1088/2058-6272/abe848},
  url       = {https://dx.doi.org/10.1088/2058-6272/abe848},
  year      = {2021},
  month     = {mar},
  publisher = {IOP Publishing},
  volume    = {23},
  number    = {4},
  pages     = {045502},
  author    = {Duan XIE and Yan YIN and Tongpu YU and Hongyu ZHOU and Ziyu CHEN and Hongbin ZHUO},
  title     = {High harmonic generation driven by two-color relativistic circularly polarized laser pulses at various frequency ratios},
  journal   = {Plasma Science and Technology}
}

@article{hhg-motivation,
  author  = {Hussain, Mukhtar and Kaassamani, Shatha and Auguste, T and Boutu, Willem and Gauthier, David and Kholodtsova, M and Gomes, Jean-Thomas and Lavoute, Laure and Gaponov, D.A. and Ducros, Nicolas and Février, Sébastien and Nicolas, Rana and Imran, Tayyab and Zeitoun, Philippe and Williams, G and Fajardo, M. and Merdji, H.},
  year    = {2021},
  month   = {08},
  pages   = {71101},
  title   = {Spectral control of high order harmonics through non-linear propagation effects},
  volume  = {119},
  journal = {Applied Physics Letters},
  doi     = {10.1063/5.0053152}
}

@article{history-similarity,
  author  = {Baeva, Teodora and Gordienko, S and Pukhov, A.},
  year    = {2006},
  month   = {10},
  pages   = {046404},
  title   = {Theory of high-order harmonic generation in relativistic laser interaction with overdense plasma},
  volume  = {74},
  journal = {Physical review. E, Statistical, nonlinear, and soft matter physics},
  doi     = {10.1103/PhysRevE.74.046404}
}

@article{hhg-main,
  author  = {von der Linde, Dietrich and Rzazewski, Kazimierz},
  year    = {1996},
  month   = {10},
  pages   = {499-506},
  title   = {High-order optical harmonic generation from solid surfaces},
  volume  = {63},
  journal = {Applied Physics B},
  doi     = {10.1007/s003400050115}
}

@article{hhg-second,
  author    = {Luis Plaja and Luis Roso and Kazimierz Rza̧\.{z}ewski and Maciej Lewenstein},
  journal   = {J. Opt. Soc. Am. B},
  keywords  = {Multiharmonic generation; Ultrafast nonlinear optics; Nonlinear optics at surfaces; Electric fields; Light wavelength; Magnetic fields; Reflectivity; Ti:sapphire lasers; Ultrashort pulses},
  number    = {7},
  pages     = {1904--1911},
  publisher = {Optica Publishing Group},
  title     = {Generation of attosecond pulse trains during the reflection of a very intense laser on a solid surface},
  volume    = {15},
  month     = {Jul},
  year      = {1998},
  url       = {https://opg.optica.org/josab/abstract.cfm?URI=josab-15-7-1904},
  doi       = {10.1364/JOSAB.15.001904}
}

@article{hhg-third,
  author  = {Bulanov,S. V.  and Naumova,N. M.  and Pegoraro,F. },
  title   = {Interaction of an ultrashort, relativistically strong laser pulse with an overdense plasma},
  journal = {Physics of Plasmas},
  volume  = {1},
  number  = {3},
  pages   = {745-757},
  year    = {1994},
  doi     = {10.1063/1.870766},
  url     = { 
             https://doi.org/10.1063/1.870766
             
             }
}
@article{universal-spectra,
  title     = {Relativistic Doppler Effect: Universal Spectra and Zeptosecond Pulses},
  author    = {Gordienko, S. and Pukhov, A. and Shorokhov, O. and Baeva, T.},
  journal   = {Phys. Rev. Lett.},
  volume    = {93},
  issue     = {11},
  pages     = {115002},
  numpages  = {4},
  year      = {2004},
  month     = {Sep},
  publisher = {American Physical Society},
  doi       = {10.1103/PhysRevLett.93.115002},
  url       = {https://link.aps.org/doi/10.1103/PhysRevLett.93.115002}
}

@article{hhg-relativistic,
  title     = {Plasma Mechanism for Ultraviolet Harmonic Radiation Due to Intense C${\mathrm{O}}_{2}$ Light},
  author    = {Bezzerides, B. and Jones, R. D. and Forslund, D. W.},
  journal   = {Phys. Rev. Lett.},
  volume    = {49},
  issue     = {3},
  pages     = {202--205},
  numpages  = {0},
  year      = {1982},
  month     = {Jul},
  publisher = {American Physical Society},
  doi       = {10.1103/PhysRevLett.49.202},
  url       = {https://link.aps.org/doi/10.1103/PhysRevLett.49.202}
}

@article{similarity,
  doi       = {10.1063/1.1884126},
  url       = {https://doi.org/10.1063%2F1.1884126},
  year      = 2005,
  month     = {apr},
  publisher = {{AIP} Publishing},
  volume    = {12},
  number    = {4},
  pages     = {043109},
  author    = {S. Gordienko and A. Pukhov},
  title     = {Scalings for ultrarelativistic laser plasmas and quasimonoenergetic electrons},
  journal   = {Physics of Plasmas}
}

@article{gas-main,
  author    = { Misha Yu   Ivanov  and  Michael   Spanner  and  Olga   Smirnova },
  title     = {Anatomy of strong field ionization},
  journal   = {Journal of Modern Optics},
  volume    = {52},
  number    = {2-3},
  pages     = {165-184},
  year      = {2005},
  publisher = {Taylor & Francis},
  doi       = {10.1080/0950034042000275360},
  url       = { 
               
               https://doi.org/10.1080/0950034042000275360
               
               
               
               }
}

@article{gas-second,
  doi       = {10.1070/PU1998v041n05ABEH000393},
  url       = {https://dx.doi.org/10.1070/PU1998v041n05ABEH000393},
  year      = {1998},
  month     = {may},
  publisher = {},
  volume    = {41},
  number    = {5},
  pages     = {469},
  author    = {N B Delone and  Vladimir P Krainov},
  title     = {Tunneling and barrier-suppression ionization of atoms and ions in a laser radiation field},
  journal   = {Physics-Uspekhi}
}

@incollection{hhg-book,
  author    = {Kenichi L. Ishikawa},
  title     = {High-Harmonic Generation},
  booktitle = {Advances in Solid State Lasers},
  publisher = {IntechOpen},
  address   = {Rijeka},
  year      = {2010},
  editor    = {Mikhail Grishin},
  chapter   = {19},
  doi       = {10.5772/7961},
  url       = {https://doi.org/10.5772/7961}
}

@article{2d-transformation,
  author  = {Bourdier,A. },
  title   = {Oblique incidence of a strong electromagnetic wave on a cold inhomogeneous electron plasma. Relativistic effects},
  journal = {The Physics of Fluids},
  volume  = {26},
  number  = {7},
  pages   = {1804-1807},
  year    = {1983},
  doi     = {10.1063/1.864355},
  url     = { 
             https://aip.scitation.org/doi/abs/10.1063/1.864355
             
             },
  eprint  = { 
             https://aip.scitation.org/doi/pdf/10.1063/1.864355
             
             }
}
